@article{sanchez2017comparison,
  title={Comparison of quality of life among community-dwelling older adults with the frailty phenotype},
  author={S{\'a}nchez-Garc{\'\i}a, Sergio and Gallegos-Carrillo, Katia and Espinel-Bermudez, Mar{\'\i}a Claudia and Doubova, Svetlana V and S{\'a}nchez-Arenas, Rosalinda and Garc{\'\i}a-Pe{\~n}a, Carmen and Salv{\`a}, Antoni and Brise{\~n}o-Fabian, Silvia C},
  journal={Quality of life research},
  volume={26},
  number={10},
  pages={2693--2703},
  year={2017},
  publisher={Springer}
}
@article{mathiesen2019survival,
  title={Survival and long-term biochemical cure in medullary thyroid carcinoma in Denmark 1997-2014: A nationwide study},
  author={Mathiesen, Jes Sloth and Kroustrup, Jens Peter and Vestergaard, Peter and Poulsen, Per L{\o}gstrup and Stochholm, Kirstine and Rasmussen, {\AA}se Krogh and Feldt-Rasmussen, Ulla and Schytte, Sten and Londero, Stefano Christian and Pedersen, Henrik Baymler and others},
  journal={Thyroid},
  number={ja},
  year={2019}
}
@article{studzinska2017atranorin,
  title={Atranorin-an interesting lichen secondary metabolite},
  author={Studzinska-Sroka, Elzbieta and Galanty, Agnieszka and Bylka, Wieslawa},
  journal={Mini reviews in medicinal chemistry},
  volume={17},
  number={17},
  pages={1633--1645},
  year={2017},
  publisher={Bentham Science Publishers}
}
@article{streur2018don,
  title={“I don’t know what I’m doing… I hope I’m not just an idiot”: The need to train pediatric urologists to discuss sexual and reproductive health care with young women with spina bifida},
  author={Streur, Courtney S and Schafer, Christine L and Garcia, Valerie P and Wittmann, Daniela A},
  journal={The journal of sexual medicine},
  volume={15},
  number={10},
  pages={1403--1413},
  year={2018},
  publisher={Elsevier}
}