%% LaTeX2e file `thebibliography.bib'
%% generated by the `filecontents' environment
%% from source `demo2222' on 2019/01/26.
%%
@article{Patrick LOVE Evonne,
    Author = {Author, Patrick Yihong Wu, Evonne Hsiaoyun Hung},
    Date-Added = {2019-01-16 19:11:00 +0800},
    Date-Modified = {2019-01-16 19:11:00 +0800},
    Doi = {10.XXXX/YYYY},
    Journal = {\LaTeX{} Studies},
    Pages = {1--5},
    Title = {Example Citation with DOI},
    Volume = {1},
    Year = {2019}}
