@article{sanchez2017comparison,
  title={Comparison of quality of life among community-dwelling older adults with the frailty phenotype},
  author={S{\'a}nchez-Garc{\'\i}a, Sergio and Gallegos-Carrillo, Katia and Espinel-Bermudez, Mar{\'\i}a Claudia and Doubova, Svetlana V and S{\'a}nchez-Arenas, Rosalinda and Garc{\'\i}a-Pe{\~n}a, Carmen and Salv{\`a}, Antoni and Brise{\~n}o-Fabian, Silvia C},
  journal={Quality of life research},
  volume={26},
  number={10},
  pages={2693--2703},
  year={2017},
  publisher={Springer}
}
