Record #1 of 4
@article{Nistor13,
author = {Nistor, I, Palmer, SC, Covic, A, Craig, JC, and Strippoli, GFM},
title = {Magnesium‐based interventions for people with chronic kidney disease},
journal = {Cochrane Database of Systematic Reviews},
number = {9},
year = {2013},
publisher = {John Wiley & Sons, Ltd},
ISSN = {1465-1858},
abstract = {Abstract This is a protocol for a Cochrane Review (Intervention). The objectives are as follows: We will conduct a systematic review of the benefits and harms of magnesium therapy in people with CKD (stages 1 to 5 and stage 5D).},
DOI = {10.1002/14651858.CD010733},
URL = {http://dx.doi.org/10.1002/14651858.CD010733}
}


Record #2 of 4
@article{Hara19,
author = {Hara, T, Hijikata, Y, Matsubara, Y, and Watanabe, N},
title = {Pharmacological interventions for osteoporosis in people with chronic kidney disease stages 3‐5D},
journal = {Cochrane Database of Systematic Reviews},
number = {9},
year = {2019},
publisher = {John Wiley & Sons, Ltd},
ISSN = {1465-1858},
abstract = {Abstract This is a protocol for a Cochrane Review (Intervention). The objectives are as follows: This review aims to assess the effects of pharmacological interventions for osteoporosis in patients with CKD stages 3‐5D.},
DOI = {10.1002/14651858.CD013424},
URL = {http://dx.doi.org/10.1002/14651858.CD013424}
}


Record #3 of 4
@article{Robertson17,
author = {Robertson, L, Paraskevas, KI, and Stewart, M},
title = {Angioplasty and stenting for peripheral arterial disease of the lower limbs: an overview of Cochrane Reviews},
journal = {Cochrane Database of Systematic Reviews},
number = {2},
year = {2017},
publisher = {John Wiley & Sons, Ltd},
ISSN = {1465-1858},
abstract = {Abstract This is a protocol for a Cochrane Review (Overview). The objectives are as follows: To summarise the evidence from relevant Cochrane Reviews regarding effectiveness of angioplasty and stenting for peripheral arterial disease of the lower limbs.},
DOI = {10.1002/14651858.CD012542},
URL = {http://dx.doi.org/10.1002/14651858.CD012542}
}


Record #4 of 4
@article{Kreidieh13,
author = {Kreidieh, OI, Ahmadieh, H, Akl, EA, and El‐Hajj Fuleihan, G},
title = {Minimally invasive parathyroidectomy guided by intraoperative parathyroid hormone monitoring (IOPTH) and preoperative imaging versus bilateral neck exploration for primary hyperparathyroidism in adults},
journal = {Cochrane Database of Systematic Reviews},
number = {10},
year = {2013},
publisher = {John Wiley & Sons, Ltd},
ISSN = {1465-1858},
abstract = {Abstract This is a protocol for a Cochrane Review (Intervention). The objectives are as follows: To assess the effects of minimally invasive parathyroidectomy guided by preoperative imaging and intraoperative parathyroid hormone monitoring (IOPTH) versus bilateral neck exploration for the surgical management of primary hyperparathyroidism.},
DOI = {10.1002/14651858.CD010787},
URL = {http://dx.doi.org/10.1002/14651858.CD010787}
}


